@inproceedings{abdalkareem2017developers,
	title={Why do developers use trivial packages? An empirical case study on npm},
	author={Abdalkareem, Rabe and Nourry, Olivier and Wehaibi, Sultan and Mujahid, Suhaib and Shihab, Emad},
	booktitle={Proc. 11th Joint Meeting on Foundations of Software Engineering},
	series = {FSE '17},
	pages={385--395},
	year={2017},
	doi={10.1145/3106237.3106267},
	publisher={ACM},
}

@inproceedings{antal2018static,
	title={Static JavaScript call graphs: a comparative study},
	author={Antal, G{\'a}bor and Hegedus, P{\'e}ter and T{\'o}th, Zolt{\'a}n and Ferenc, Rudolf and Gyim{\'o}thy, Tibor},
	booktitle={Proc. 18th International Working Conference on Source Code Analysis and Manipulation},
	series = {SCAM '18},
	pages={177--186},
	year={2018},
	publisher={IEEE},
	doi={10.1109/SCAM.2018.00028}
}
@inproceedings{bogart2015breaks,
	title={When it breaks, it breaks: how ecosystem developers reason about the stability of dependencies},
	author={Bogart, Christopher and K{\"a}stner, Christian and Herbsleb, James},
	booktitle={Proc. International Conference on Automated Software Engineering Workshop},
	series = {ASEW '15},
	pages={86--89},
	year={2015},
	publisher={IEEE},
	doi={10.1109/ASEW.2015.21}
}
@conference{bogar2018lightweight,
	author={Anne Marie Bogar. and Damian M. Lyons. and David Baird.},
	title={Lightweight call-graph construction for multilingual software analysis},
	booktitle={Proc. 13th International Conference on Software Technologies},
	series = {ICSOFT '18},
	year={2018},
	pages={328--337},
	publisher={SciTePress},
	organization={INSTICC},
	doi={10.5220/0006911803620371},
	isbn={978-989-758-320-9},
	issn={2184-2833},
}
@article{boldi2020fine,
	title={Fine-grained network analysis for modern software ecosystems},
	author={Boldi, Paolo and Gousios, Georgios},
	journal={ACM Transactions on Internet Technology},
	volume={21},
	number={1},
	pages={1--14},
	year={2020},
	publisher={ACM},
	doi={10.1145/3418209}
}
@inproceedings{chaturvedi2013tools,
	title={Tools in mining software repositories},
	author={Chaturvedi, Krishna Kumar and Sing, VB and Singh, Prashast},
	booktitle={Proc. 13th International Conference on Computational Science and Its Applications},
	series = {ICCSA '13},
	pages={89--98},
	year={2013},
	publisher={IEEE},
	doi={10.1109/ICCSA.2013.22}
}
@article{chidamber1994metrics,
	title={A metrics suite for object oriented design},
	author={Chidamber, Shyam R and Kemerer, Chris F},
	journal={IEEE Transactions on Software Engineering},
	volume={20},
	number={6},
	pages={476--493},
	year={1994},
	publisher={IEEE}
}
@inproceedings{collard2013srcml,
	title={{srcML}: an infrastructure for the exploration, analysis, and manipulation of source code: a tool demonstration},
	author={Collard, Michael L and Decker, Michael John and Maletic, Jonathan I},
	booktitle={Proc. International Conference on Software Maintenance},
	series = {ICSM '13},
	pages={516--519},
	year={2013},
	publisher={IEEE},
	doi={10.1109/ICSM.2013.85}
}
@inproceedings{de2013multi,
	title={Multi-dimensional exploration of api usage},
	author={De Roover, Coen and L{\"a}mmel, Ralf and Pek, Ekaterina},
	booktitle={Proc. 21st International Conference on Program Comprehension},
	series = {ICPC '13},
	pages={152--161},
	year={2013},
	publisher={IEEE},
	doi={10.1109/ICPC.2013.6613843}
}
@inproceedings{decan2018impact,
	title={On the impact of security vulnerabilities in the npm package dependency network},
	author={Decan, Alexandre and Mens, Tom and Constantinou, Eleni},
	booktitle={Proc. 15th International Conference on Mining Software Repositories},
	series = {MSR '18},
	publisher = {ACM},
	pages={181--191},
	year={2018},
	doi={10.1145/3196398.3196401}
}
@inbook{goldberg1984smalltalk,
	title={Smalltalk-80: the interactive programming environment},
	chapter={10},
	pages={196--201},
	author={Goldberg, Adele},
	year={1984},
	isbn={0201113724},
	publisher={Addison-Wesley Longman Publishing Co., Inc.},
	url={\href{http://stephane.ducasse.free.fr/FreeBooks/TheInteractiveProgrammingEnv/TheInteractiveProgrammingEnv.pdf}{http://stephane.ducasse.free.fr/FreeBooks/TheInteractiveProgrammingEnv/TheInteractiveProgrammingEnv.pdf}}
}
@inproceedings{hanam2019aiding,
	title={Aiding code change understanding with semantic change impact analysis},
	author={Hanam, Quinn and Mesbah, Ali and Holmes, Reid},
	booktitle={Proc. International Conference on Software Maintenance and Evolution},
	series = {ICSME '19},
	pages={202--212},
	year={2019},
	publisher={IEEE},
	doi={10.1109/ICSME.2019.00031}
}
@inproceedings{hejderup2018software,
	title={Software ecosystem call graph for dependency management},
	author={Hejderup, Joseph and van Deursen, Arie and Gousios, Georgios},
	booktitle={Proc. 40th International Conference on Software Engineering: New Ideas and Emerging Technologies Results},
	series = {ICSE '18 -- NIER Track},
	pages={101--104},
	year={2018},
	publisher={IEEE},
	doi={10.1145/3183399.3183417}
}
@article{hejderup2021praezi,
	title={Pr\"azi: from package-based to call-based dependency networks},
	author={Hejderup, Joseph and Beller, Moritz and Triantafyllou, Konstantinos and Gousios, Georgios},
	journal={arXiv preprint arXiv:2101.09563},
	year={2021}
}
@inproceedings{hora2015apiwave,
	title={apiwave: keeping track of API popularity and migration},
	author={Hora, Andr{\'e} and Valente, Marco Tulio},
	booktitle={Proc, International Conference on Software Maintenance and Evolution},
	series = {ICSME '15},
	pages={321--323},
	year={2015},
	publisher={IEEE},
	doi={10.1109/ICSM.2015.7332478}
}
@inproceedings{jensen2009type,
	title={Type analysis for JavaScript},
	author={Jensen, Simon Holm and M{\o}ller, Anders and Thiemann, Peter},
	booktitle={Proc. International Static Analysis Symposium},
	pages={238--255},
	year={2009},
	series = {SAS '09},
	publisher={Springer},
	doi={10.1007/978-3-642-03237-0_17}
}
@inproceedings{karrer2011stacksplorer,
	title={Stacksplorer: call graph navigation helps increasing code maintenance efficiency},
	author={Karrer, Thorsten and Kr{\"a}mer, Jan-Peter and Diehl, Jonathan and Hartmann, Bj{\"o}rn and Borchers, Jan},
	booktitle={Proc. 24th Symposium on User Interface Software and Technology},
	pages={217--224},
	series = {UIST '11},
	year={2011},
	doi={10.1145/2047196.2047225}
}
@misc{katz2020libraries,
	author={Jeremy Katz},
	title={{Libraries.io} open source repository and dependency metadata},
	year=2020,
	publisher={Zenodo},
	version={1.6.0},
	doi={10.5281/zenodo.3626071}
}
@inproceedings{keshani2021scalable,
	title={Scalable call graph constructor for maven},
	author={Keshani, Mehdi},
	booktitle={Proc. 43rd International Conference on Software Engineering: Companion Proceedings},
	series = {ICSE-Companion '21},
	pages={99--101},
	year={2021},
	publisher={IEEE},
	doi={10.1109/ICSE-Companion52605.2021.00046}
}
@inproceedings{kikas2017structure,
	title={Structure and evolution of package dependency networks},
	author={Kikas, Riivo and Gousios, Georgios and Dumas, Marlon and Pfahl, Dietmar},
	booktitle={Proc. 14th International Conference on Mining Software Repositories},
	pages={102--112},
	series = {MSR '17},
	year={2017},
	publisher={IEEE},
	doi={10.1109/MSR.2017.55}
}
@incollection{kramer2012blaze,
	title={Blaze: supporting two-phased call graph navigation in source code},
	author={Kr{\"a}mer, Jan-Peter and Kurz, Joachim and Karrer, Thorsten and Borchers, Jan},
	booktitle={Proc. Human Factors in Computing Systems -- Extended Abstracts},
	series = {CHI '12},
	pages={2195--2200},
	year={2012},
	publisher = {ACM},
	doi={10.1145/2212776.2223775}
}
@inproceedings{lammel2011large,
    title={Large-scale, AST-based API-usage analysis of open-source Java projects},
    author={L{\"a}mmel, Ralf and Pek, Ekaterina and Starek, J{\"u}rgen},
    booktitle={Proc. Symposium on Applied Computing},
    series = {SAC '11},
    publisher = {ACM},
    pages={1317--1324},
    year={2011},
    doi = {10.1145/1982185.1982471},
}
@article{liu2020opportunities,
	title={Opportunities and challenges in code search tools},
	author={Liu, Chao and Xia, Xin and Lo, David and Gao, Cuiyun and Yang, Xiaohu and Grundy, John},
	journal={arXiv preprint arXiv:2011.02297},
	year={2020}
}
@inproceedings{mileva2010mining,
	title={Mining API popularity},
	author={Mileva, Yana Momchilova and Dallmeier, Valentin and Zeller, Andreas},
	pages={173--180},
	year={2010},
	organization={Springer},
	isbn={3642155847},
	publisher={Springer-Verlag},
	booktitle={Proc. 5th International Academic and Industrial Conference on Testing -- Practice and Research Techniques},
	series={TAIC PART '10},
	doi={10.5555/1885930.1885952}
}
@inproceedings{nielsen2021modular,
	title={Modular call graph construction for security scanning of node.js applications},
	author={Nielsen, Benjamin Barslev and Torp, Martin Toldam and M{\o}ller, Anders},
	booktitle={Proc. 30th SIGSOFT International Symposium on Software Testing and Analysis},
	pages={29--41},
	series = {ISSTA '21},
	year={2021},
	doi={10.1145/3460319.3464836},
	publisher={ACM}
}
@inproceedings{piccioni2013empirical,
	title={An empirical study of API usability},
	author={Piccioni, Marco and Furia, Carlo A and Meyer, Bertrand},
	booktitle={Proc. International Symposium on Empirical Software Engineering and Measurement},
	pages={5--14},
	year={2013},
	publisher={IEEE},
	doi = {10.1109/ESEM.2013.14},
	series = {ESEM '13},
}
@article{qiu2016understanding,
	title={Understanding the API usage in Java},
	author={Qiu, Dong and Li, Bixin and Leung, Hareton},
	journal={Information and Software Technology},
	volume={73},
	pages={81--100},
	year={2016},
	publisher={Elsevier},
	doi={10.1016/j.infsof.2016.01.011}
}
@article{sawant2017fine,
	title={{fine-GRAPE}: fine-grained API usage extractor -- an approach and dataset to investigate API usage},
	author={Sawant, Anand Ashok and Bacchelli, Alberto},
	journal={Empirical Software Engineering},
	volume={22},
	number={3},
	pages={1348--1371},
	year={2017},
	publisher={Springer},
	doi={10.1007/s10664-016-9444-6}
}
@book{shneiderman2010designing,
	title={Designing the user interface: strategies for effective human-computer interaction},
	author={Shneiderman, Ben and Plaisant, Catherine},
	year={2010},
	publisher={Pearson Education India}
}
@software{thiede2022dowdep,
    author = {Thiede, Christoph and Scheibel, Willy and Limberger, Daniel and Döllner, Jürgen},
    doi = {10.5281/zenodo.6338060},
    month = {3},
    title = {{dowdep: Software Mining of Downstream Dependency Repositories}},
    version = {submission-enase17},
    year = {2022},
    note={\textsc{doi}: \href{https://doi.org/10.5281/zenodo.6338060}{10.5281/zenodo.6338060}},
}
@article{ungar1997debugging,
	title={Debugging and the experience of immediacy},
	author={Ungar, David and Lieberman, Henry and Fry, Christopher},
	journal={Comm. ACM},
	volume={40},
	number={4},
	pages={38--43},
	year={1997},
	publisher={ACM}
}
@inproceedings{wang2020empirical,
	title={An empirical study of usages, updates and risks of third-party libraries in Java projects},
	author={Wang, Ying and Chen, Bihuan and Huang, Kaifeng and Shi, Bowen and Xu, Congying and Peng, Xin and Wu, Yijian and Liu, Yang},
	booktitle={Proc. International Conference on Software Maintenance and Evolution},
	series = {ICSME '20},
	pages={35--45},
	year={2020},
	publisher={IEEE},
	doi={10.1109/ICSME46990.2020.00014}
}
@article{wong2017more,
	title={Be more familiar with our enemies and pave the way forward: a review of the roles bugs played in software failures},
	author={Wong, W Eric and Li, Xuelin and Laplante, Philip A},
	journal={Journal of Systems and Software},
	volume={133},
	pages={68--94},
	year={2017},
	publisher={Elsevier},
	doi = {10.1016/j.jss.2017.06.069}
}
@inproceedings{zhong2009mapo,
	title={MAPO: mining and recommending API usage patterns},
	author={Zhong, Hao and Xie, Tao and Zhang, Lu and Pei, Jian and Mei, Hong},
	booktitle={Proc. European Conference on Object-Oriented Programming},
	pages={318--343},
	series = {ECOOP '09},
	year={2009},
	organization={Springer},
	doi={10.1007/978-3-642-03013-0_15}
}
@article{saied2018-reusability,
	title = {Improving reusability of software libraries through usage pattern mining},
	journal = {Journal of Systems and Software},
	volume = {145},
	pages = {164--179},
	year = {2018},
	issn = {0164-1212},
	doi = {10.1016/j.jss.2018.08.032},
	publisher = {Elsevier},
	author={Saied, Mohamed Aymen and Ouni, Ali and  Sahraoui, Houari and Kula, Raula Gaikovina and Inoue, Katsuro and Lo, David},
}